@article{muller2011agent,
  title={The agent architecture inteRRaP: Concept and application},
  author={M{\"u}ller, J{\"o}rg P and Pischel, Markus},
  year={2011}
}

@misc{rinsim,
   author = "iMinds-DistriNet",
   title = "RinSim",
   year = "2015",
   howpublished = "\url{https://github.com/rinde/RinSim}",
   note = "[Online; accessed 26-May-2015]"
 }
 
 @misc{ wiki:astar,
     author = "Wikipedia",
     title = "A* search algorithm --- Wikipedia{,} The Free Encyclopedia",
     year = "2015",
     howpublished = "\url{http://en.wikipedia.org/w/index.php?title=A*_search_algorithm&oldid=662473712}",
     note = "[Online; accessed 26-May-2015]"
    }